<?xml version="1.0" encoding="UTF-8"?><record xmlns="http://www.loc.gov/MARC21/slim" xmlns:cinclude="http://apache.org/cocoon/include/1.0" xmlns:zs="http://www.loc.gov/zing/srw/">
  <leader>00307nz  a2200121n  4500</leader>
  <controlfield tag="001">n 2001027279</controlfield>
  <controlfield tag="003">DLC</controlfield>
  <controlfield tag="005">20010226160740.0</controlfield>
  <controlfield tag="008">010226n| acannaabn          |n aaa      </controlfield>
  <datafield tag="010" ind1=" " ind2=" ">
    <subfield code="a">n 2001027279</subfield>
  </datafield>
  <datafield tag="040" ind1=" " ind2=" ">
    <subfield code="a">DLC</subfield>
    <subfield code="b">eng</subfield>
    <subfield code="c">DLC</subfield>
  </datafield>
  <datafield tag="100" ind1="1" ind2=" ">
    <subfield code="a">Huther, Pierre</subfield>
  </datafield>
  <datafield tag="670" ind1=" " ind2=" ">
    <subfield code="a">Ge휍혖ne휍혖ration djebels, 2000:</subfield>
    <subfield code="b">t.p. (Pierre Huther)</subfield>
  </datafield>
</record>